<collection xmlns="http://www.loc.gov/MARC21/slim"><record><leader>00630nam0 2200205   450</leader><controlfield tag="001">1007</controlfield><controlfield tag="003">http://montalegre.opacnet.com/OPAC/default.aspx?ContentAreaControl=ShowRegHoldings.ascx&amp;RegNo=16662</controlfield><datafield tag="010" ind1=" " ind2=" "><subfield code="a">972-22-2422-0</subfield></datafield><datafield tag="020" ind1=" " ind2=" "><subfield code="a">PT</subfield><subfield code="b">228727/05</subfield></datafield><datafield tag="100" ind1=" " ind2=" "><subfield code="a">20061013d--------k  y0pory0103    ba</subfield></datafield><datafield tag="101" ind1="1" ind2=" "><subfield code="a">por</subfield></datafield><datafield tag="102" ind1=" " ind2=" "><subfield code="a">PT</subfield></datafield><datafield tag="200" ind1="1" ind2=" "><subfield code="a">Tu consegues Noddy</subfield><subfield code="e">abram alas para o Noddy</subfield></datafield><datafield tag="215" ind1=" " ind2=" "><subfield code="a">2ºV</subfield><subfield code="d">26cm, 36p.</subfield></datafield><datafield tag="225" ind1="2" ind2=" "><subfield code="a">Abram alas para o Noddy</subfield></datafield><datafield tag="675" ind1=" " ind2=" "><subfield code="a">087.5</subfield></datafield><datafield tag="700" ind1=" " ind2="1"><subfield code="a">Andrade</subfield><subfield code="b">Margarida</subfield></datafield><datafield tag="702" ind1=" " ind2="1"><subfield code="a">Blyton</subfield><subfield code="b">Enid Mary</subfield><subfield code="f">1897-1968</subfield></datafield><datafield tag="801" ind1=" " ind2="0"><subfield code="a">PT</subfield><subfield code="b">Biblioteca Municipal de Montalegre</subfield><subfield code="g">RPC</subfield></datafield><datafield tag="856" ind1=" " ind2=" "><subfield code="u">locateMedia.asp?cod=20060706112826&amp;ext=jpg</subfield><subfield code="z">CAPA</subfield></datafield><datafield tag="909" ind1="&#9;" ind2=" "><subfield code="a">1</subfield></datafield><datafield tag="966" ind1=" " ind2=" "><subfield code="a">0016771</subfield><subfield code="l">BMM</subfield><subfield code="s">SI 087.5 AND tu 2</subfield></datafield></record></collection>